<collection xmlns="http://www.loc.gov/MARC21/slim">
<record>
  <leader>01168nam0a22001811i 450 </leader>
  <controlfield tag="001">IT\ICCU\CNCE\063666</controlfield>
  <controlfield tag="005">20121221000000.0</controlfield>
  <datafield tag="100" ind1=" " ind2=" ">
    <subfield code="a">20060112d1537        0itac0103    ba</subfield>
  </datafield>
  <datafield tag="101" ind1=" " ind2=" ">
    <subfield code="a">ITA</subfield>
  </datafield>
  <datafield tag="102" ind1=" " ind2=" ">
    <subfield code="a">IT</subfield>
  </datafield>
  <datafield tag="200" ind1="1" ind2=" ">
    <subfield code="a">Historia come Lazaro Martha e Magdalena morto che fu el padre e la madre loro abandonorno tutto el loro stato, e molti lor beni, che haueuano et per amor di Jhesu Christo distribuirno, e predicando el suo nome glorioso e santo molta gente conuertiuano. Taliter che li perfidi et obstinati giudei secretamente gli messono in una barchetta senza armeggi, e con poca vituaglia per viuere credendo vituperosamente anegar douessino.Ma per gratia del bon Jhesu el mare li condusse nel porto di Marsilia in Prouenza,doue per Dio gratia el re e la regina con tutti i popoli conuertirno ...</subfield>
  </datafield>
  <datafield tag="210" ind1=" " ind2=" ">
    <subfield code="e">Stampato in Perogia</subfield>
    <subfield code="g">al colle Laudone per Luca Bina mantuano</subfield>
    <subfield code="h">die X zugno 1537</subfield>
  </datafield>
  <datafield tag="215" ind1=" " ind2=" ">
    <subfield code="a">\6! c.</subfield>
    <subfield code="c">ill.</subfield>
    <subfield code="d">4ʻ</subfield>
  </datafield>
  <datafield tag="500" ind1="1" ind2="1">
    <subfield code="3">IT\ICCU\CNCE\075150</subfield>
    <subfield code="a">Storia dei ss. Maria Maddalena, Lazzaro e Marta</subfield>
  </datafield>
  <datafield tag="620" ind1=" " ind2=" ">
    <subfield code="a">IT</subfield>
    <subfield code="d">Perugia</subfield>
  </datafield>
  <datafield tag="712" ind1="0" ind2="0">
    <subfield code="a">Bini, Luca</subfield>
    <subfield code="3">IT\ICCU\CNCT\000429</subfield>
    <subfield code="4">650</subfield>
  </datafield>
  <datafield tag="791" ind1="0" ind2="0">
    <subfield code="a">Binus, Lucas</subfield>
    <subfield code="3">IT\ICCU\CNCT\004394</subfield>
    <subfield code="z">Bini, Luca</subfield>
  </datafield>
  <datafield tag="801" ind1=" " ind2="3">
    <subfield code="a">IT</subfield>
    <subfield code="b">ICCU</subfield>
    <subfield code="c">20201115</subfield>
  </datafield>
</record>
</collection>
